<?xml version="1.0" encoding="UTF-8"?><collection xmlns="http://www.loc.gov/MARC21/slim"><record><leader>00376nam--2200133-i-4500</leader><controlfield tag="001">000027737</controlfield><controlfield tag="002">20161230</controlfield><controlfield tag="005">20161230201036</controlfield><controlfield tag="008">060222s1000------------r-----000-0-eng-d</controlfield><datafield ind1=" " ind2=" " tag="080"><subfield code="a">621.039.61</subfield></datafield><datafield ind1=" " ind2=" " tag="100"><subfield code="a">Kristiansen, M.And Hagler, M.O</subfield></datafield><datafield ind1=" " ind2=" " tag="245"><subfield code="a">An introduction to controlled thermonuclear fusion</subfield></datafield><datafield ind1=" " ind2=" " tag="260"><subfield code="a">Lexington, D.C.Heath And Co., 1977, Xvii + 188p</subfield></datafield><datafield ind1=" " ind2=" " tag="852"><subfield code="a">70684</subfield></datafield></record></collection>